<record><leader>00000cas a22000007a 4500</leader><controlfield tag="001">9318927</controlfield><controlfield tag="008">830318d19801993mauwr ne      0   a0eng d</controlfield><datafield ind1=" " ind2=" " tag="010"><subfield code="a">sn 83000531 </subfield></datafield><datafield ind1=" " ind2=" " tag="040"><subfield code="a">NSD</subfield><subfield code="b">eng</subfield><subfield code="c">NSD</subfield><subfield code="d">DLC</subfield><subfield code="d">MGN</subfield><subfield code="d">OCLCQ</subfield></datafield><datafield ind1=" " ind2=" " tag="012"><subfield code="m">1</subfield></datafield><datafield ind1="1" ind2=" " tag="022"><subfield code="a">0745-6301</subfield><subfield code="l">0745-6301</subfield><subfield code="2">1</subfield></datafield><datafield ind1=" " ind2=" " tag="032"><subfield code="a">731410</subfield><subfield code="b">USPS</subfield></datafield><datafield ind1=" " ind2=" " tag="037"><subfield code="b">Hingham Mariner, 58 Main St., Box 682, Hingham, MA 02050</subfield></datafield><datafield ind1=" " ind2=" " tag="042"><subfield code="a">nsdp</subfield><subfield code="a">msc</subfield></datafield><datafield ind1=" " ind2="0" tag="222"><subfield code="a">Hingham mariner</subfield></datafield><datafield ind1="0" ind2="0" tag="245"><subfield code="a">Hingham mariner.</subfield></datafield><datafield ind1=" " ind2=" " tag="260"><subfield code="a">[Marshfield, Mass. :</subfield><subfield code="b">P. Desmond]</subfield></datafield><datafield ind1=" " ind2=" " tag="300"><subfield code="a">v.</subfield></datafield><datafield ind1=" " ind2=" " tag="310"><subfield code="a">Weekly</subfield></datafield><datafield ind1="1" ind2=" " tag="362"><subfield code="a">Began Oct. 14, 1980.</subfield></datafield><datafield ind1="0" ind2=" " tag="362"><subfield code="a">-v. 13, no. 45 (Oct. 21, 1993).</subfield></datafield><datafield ind1=" " ind2=" " tag="500"><subfield code="a">Published in Hingham, Mass., &lt;1984&gt;-Dec. 21, 1989; in Marshfield, Mass., Dec. 28, 1989-1993.</subfield></datafield><datafield ind1=" " ind2=" " tag="588"><subfield code="a">Description based on: Vol. 3, no. 17 (Feb. 10, 1983).</subfield></datafield><datafield ind1=" " ind2=" " tag="752"><subfield code="a">United States</subfield><subfield code="b">Massachusetts</subfield><subfield code="c">Plymouth</subfield><subfield code="d">Marshfield.</subfield></datafield><datafield ind1=" " ind2=" " tag="752"><subfield code="a">United States</subfield><subfield code="b">Massachusetts</subfield><subfield code="c">Plymouth</subfield><subfield code="d">Hingham.</subfield></datafield><datafield ind1="0" ind2="7" tag="785"><subfield code="t">Hingham journal (Hingham, Mass. : 1881)</subfield><subfield code="w">(DLC)sn 85033081</subfield></datafield><datafield ind1="0" ind2="7" tag="785"><subfield code="t">Hingham journal &amp; mariner</subfield><subfield code="w">(DLC)sn 97068885</subfield></datafield><datafield ind1=" " ind2=" " tag="936"><subfield code="a">Feb. 10, 1983</subfield></datafield></record>